<?xml version="1.0" encoding="UTF-8"?><collection xmlns="http://www.loc.gov/MARC21/slim"><record><leader>00465nam--2200145-i-4500</leader><controlfield tag="001">000008550</controlfield><controlfield tag="002">20161230</controlfield><controlfield tag="005">20161230201027</controlfield><controlfield tag="008">060222s1000------------r-----000-0-eng-d</controlfield><datafield ind1=" " ind2=" " tag="080"><subfield code="a">531.788</subfield></datafield><datafield ind1=" " ind2=" " tag="100"><subfield code="a">Brombaher, W.G</subfield></datafield><datafield ind1=" " ind2=" " tag="245"><subfield code="a">Bibliography and index on vacuum and low press ure measurement, january 1960 to december 1965</subfield></datafield><datafield ind1=" " ind2=" " tag="260"><subfield code="a">Washington, National Bureau Of Standards, 1967 Iv + 112 P</subfield></datafield><datafield ind1=" " ind2=" " tag="490"><subfield code="a">National Bureau Of Standards Monograph</subfield></datafield><datafield ind1=" " ind2=" " tag="852"><subfield code="a">28731</subfield></datafield></record></collection>